@inproceedings{speer2017conceptnet,
  title={Conceptnet 5.5: An open multilingual graph of general knowledge},
  author={Speer, Robert and Chin, Joshua and Havasi, Catherine},
  booktitle={Thirty-First AAAI Conference on Artificial Intelligence},
  year={2017}
}
@article{devlin2018bert,
  title={BERT: Pre-training of Deep Bidirectional Transformers for Language Understanding},
  author={Devlin, Jacob and Chang, Ming-Wei and Lee, Kenton and Toutanova, Kristina},
  journal={arXiv preprint arXiv:1810.04805},
  year={2018}
}
@article{talmor2018commonsenseqa,
 author = {Talmor, Alon and Herzig, Jonathan and Lourie, Nicholas and Berant, Jonathan},
 journal = {arXiv preprint arXiv:1811.00937},
 title = {CommonsenseQA: A Question Answering Challenge Targeting Commonsense Knowledge},
 year = {2018}
}
@article{rajani2019explain,
  title={Explain Yourself! Leveraging Language Models for Commonsense Reasoning},
  author={Rajani, Nazneen Fatema and McCann, Bryan and Xiong, Caiming and Socher, Richard},
  journal={arXiv preprint arXiv:1906.02361},
  year={2019}
}
